@book{sigurdur2003,
    title={Gagnasafnsfræði og SQL},
    author={Sigurður Ragnarsson},
    isbn={9979671300},
    year={2003},
    publisher={Iðnú},
    keywords = {SQL}
}

@book{jon2008,
    title={Gagnasafnarinn - Samantekt um gagnsafnsfræði},
    author={Jón Freyr Jóhannsson},
    isbn={9789979981114},
    year={2008},
    publisher={Sjálfútgefið},
    keywords = {SQL}
}

@article{mitrovic1998,
 author = {Mitrovic, Antonija},
 title = {Learning SQL with a Computerized Tutor},
 journal = {SIGCSE Bull.},
 issue_date = {Mar. 1998},
 volume = {30},
 number = {1},
 month = mar,
 year = {1998},
 issn = {0097-8418},
 pages = {307--311},
 numpages = {5},
 url = {http://doi.acm.org/10.1145/274790.274318},
 doi = {10.1145/274790.274318},
 acmid = {274318},
 publisher = {ACM},
 address = {New York, NY, USA},
}

@misc{ gruber2004markdown,
   author = {Gruber, John},
   title = {Markdown},
   year = 2004,
   url = {http://daringfireball.net/projects/markdown/},
   note = {Sótt 18. júlí 2016.}
}

@inproceedings{prior2014assesql,
  title={AsseSQL: an online, browser-based SQL skills assessment tool},
  author={Prior, Julia R},
  booktitle={Proceedings of the 2014 conference on Innovation \& technology in computer science education},
  pages={327--327},
  year={2014},
  organization={ACM}
}

@inproceedings{prior2003online,
  title={Online assessment of SQL query formulation skills},
  author={Prior, Julia Coleman},
  booktitle={Proceedings of the fifth Australasian conference on Computing education-Volume 20},
  pages={247--256},
  year={2003},
  organization={Australian Computer Society, Inc.}
}

@inproceedings{sadiq2004sqlator,
  title={SQLator: an online SQL learning workbench},
  author={Sadiq, Shazia and Orlowska, Maria and Sadiq, Wasim and Lin, Joe},
  booktitle={ACM SIGCSE Bulletin},
  volume={36},
  number={3},
  pages={223--227},
  year={2004},
  organization={ACM}
}

@article{mitrovic2003intelligent,
  title={An intelligent SQL tutor on the web},
  author={Mitrovic, Antonija},
  journal={International Journal of Artificial Intelligence in Education},
  volume={13},
  number={2-4},
  pages={173--197},
  year={2003},
  publisher={IOS Press}
}

@book{kenny2005automated,
  title={Automated tutoring for a database skills training environment},
  author={Kenny, Claire and Pahl, Claus},
  volume={37},
  number={1},
  year={2005},
  publisher={ACM}
}

@inproceedings{bhagat2002,
  title={Acharya - An Intelligent Tutoring Environment for Learning SQL},
  author={Bhagat, Sandhya and Bhagat, Latesh and Kavalan, Jojumon and Sasikumar, M.},
  journal={Proceedings of Vidyakash - International Conference on Online learning},
  year={2002}
}

@inproceedings{ahadi2016students,
  title={Students' Syntactic Mistakes in Writing Seven Different Types of SQL Queries and its Application to Predicting Students' Success},
  author={Ahadi, Alireza and Behbood, Vahid and Vihavainen, Arto and Prior, Julia and Lister, Raymond},
  booktitle={Proceedings of the 47th ACM Technical Symposium on Computing Science Education},
  pages={401--406},
  year={2016},
  organization={ACM}
}

@article{mitrovic2016implementing,
  title={Implementing CBM: SQL-Tutor After Fifteen Years},
  author={Mitrovic, Antonija and Ohlsson, Stellan},
  journal={International Journal of Artificial Intelligence in Education},
  volume={26},
  number={1},
  pages={150--159},
  year={2016},
  publisher={Springer}
}

@misc{mitrovic2016sqltutorweb,
    author = {Mitrovic, Antonija},
    title = {Web-enabled SQL-Tutor},
    note = {Mynd sótt 15. september 2016 af \url{http://www.cosc.canterbury.ac.nz/tanja.mitrovic/sql-tutor.html} },
    url = {http://www.cosc.canterbury.ac.nz/tanja.mitrovic/sql-tutor.html}
}

@article{blankenship2000effect,
  title={The effect of animated node-link displays on information recall},
  author={Blankenship, Jason and Dansereau, Donald F},
  journal={The Journal of Experimental Education},
  volume={68},
  number={4},
  pages={293--308},
  year={2000},
  publisher={Taylor \& Francis}
}

@inproceedings{hamari2014does,
  title={Does gamification work?--a literature review of empirical studies on gamification},
  author={Hamari, Juho and Koivisto, Jonna and Sarsa, Harri},
  booktitle={System Sciences (HICSS), 2014 47th Hawaii International Conference on},
  pages={3025--3034},
  year={2014},
  organization={IEEE}
}

@article{murphy2014research,
  title={Research on the use of Khan Academy in schools: Research brief},
  author={Murphy, Robert and Gallagher, Larry and Krumm, Andrew E and Mislevy, Jessica and Hafter, Amy},
  year={2014},
  publisher={SRI International}
}

@inproceedings{denny2013effect,
  title={The effect of virtual achievements on student engagement},
  author={Denny, Paul},
  booktitle={Proceedings of the SIGCHI conference on human factors in computing systems},
  pages={763--772},
  year={2013},
  organization={ACM}
}

@article{dominguez2013gamifying,
  title={Gamifying learning experiences: Practical implications and outcomes},
  author={Domínguez, Adrián and Saenz-De-Navarrete, Joseba and De-Marcos, Luis and Fern{\'a}ndez-Sanz, Luis and Pag{\'e}s, Carmen and Mart{\'\i}nez-Herr{\'a}iz, Jos{\'e}-Javier},
  journal={Computers \& Education},
  volume={63},
  pages={380--392},
  year={2013},
  publisher={Elsevier}
}

@inproceedings{abello2008learn,
  title={LEARN-SQL: Automatic assessment of SQL based on IMS QTI specification},
  author={Abell{\'o}, Alberto and Rodr{\'\i}guez, M Elena and Urp{\'\i}, Toni and Burgu{\'e}s, Xavier and Casany, M Jos{\'e} and Mart{\'\i}n, Carme and Quer, Carme},
  booktitle={Advanced Learning Technologies, 2008. ICALT'08. Eighth IEEE International Conference on},
  pages={592--593},
  year={2008},
  organization={IEEE}
}
@article{pawlowski2012open,
  title={Open educational resources},
  author={Pawlowski, Jan M and Bick, Markus},
  journal={Business \& Information Systems Engineering},
  volume={4},
  number={4},
  pages={209--212},
  year={2012},
  publisher={Springer}
}
@article{havemann2016open,
  title={Open educational resources},
  author={Havemann, Leo},
  year={2016},
  publisher={Springer Singapore}
}
@misc{ millard2015,
   author = {Millard, Maria},
   title = {How does your state use open educational resources?},
   year = 2015,
   url = {https://opensource.com/education/15/3/open-textbooks-drive-down-cost-of-college},
   note = {Sótt 28. apríl 2017.}
}
@article{downes2007models,
  title={Models for sustainable open educational resources},
  author={Downes, Stephen},
  journal={Interdisciplinary journal of knowledge and learning objects},
  volume={3},
  number={1},
  pages={29--44},
  year={2007},
  publisher={Citeseer}
}
@article{lee2016effectiveness,
  title={Effectiveness of a learner-directed model for e-learning},
  author={Lee, Stella and Barker, Trevor and Kumar, Vivekanandan Suresh},
  journal={Educational Technology \& Society},
  volume={19},
  number={3},
  pages={221--234},
  year={2016},
  publisher={JSTOR}
}